@book{xiegang2009gps,
    title = {GPS原理与接收机设计},
    author = {谢纲},
    isbn = {9787121090776},
    year = {2009},
    publisher = {电子工业出版社},
    keywords = {通信}
}

@book{kaplan2005gps,
    author = {Kaplan, Elliott and Hegarty, Chris},
    year = {2005},
    month = {11},
    pages = {},
    title = {Understanding GPS: Principles And Applications},
    isbn = {1580538940, 978-1580538947}
}